<?xml version="1.0" encoding="UTF-8"?><collection xmlns="http://www.loc.gov/MARC21/slim"><record><leader>00556nam--2200205-i-4500</leader><controlfield tag="001">000022756</controlfield><controlfield tag="002">20161230</controlfield><controlfield tag="005">20161230201034</controlfield><controlfield tag="008">060222s1000------------r-----000-0-ger-d</controlfield><datafield ind1=" " ind2=" " tag="040"><subfield code="a">IFIN-HH</subfield></datafield><datafield ind1=" " ind2=" " tag="041"><subfield code="a">ger</subfield></datafield><datafield ind1=" " ind2=" " tag="080"><subfield code="a">517</subfield></datafield><datafield ind1="1" ind2=" " tag="100"><subfield code="a">Grobner, Wolfgang</subfield></datafield><datafield ind1="1" ind2="0" tag="245"><subfield code="a">Mathematische methoden der physik. band 1</subfield><subfield code="c">Wolfgang grobner, peter lesky</subfield></datafield><datafield ind1=" " ind2=" " tag="260"><subfield code="a">Mannheim</subfield><subfield code="b">Bibliographisches Institut</subfield><subfield code="c">1964</subfield></datafield><datafield ind1=" " ind2=" " tag="300"><subfield code="a">168P</subfield></datafield><datafield ind1=" " ind2=" " tag="490"><subfield code="a">B.I. Hochschultaschenbucher 89</subfield></datafield><datafield ind1="1" ind2=" " tag="700"><subfield code="a">Lesky, Peter</subfield></datafield><datafield ind1=" " ind2=" " tag="852"><subfield code="a">28716</subfield><subfield code="c">53</subfield></datafield><datafield ind1=" " ind2=" " tag="CAT"><subfield code="a">Sys</subfield><subfield code="c">20150219</subfield><subfield code="h">141246</subfield></datafield></record></collection>